<record><leader>00000cas a2200000 a 4500</leader><controlfield tag="001">818354340</controlfield><controlfield tag="007">hd afb   bacp</controlfield><controlfield tag="007">hd bfb   babp</controlfield><controlfield tag="007">hd bfb   baap</controlfield><controlfield tag="008">121116d19771999wauwr nea     0    0eng c</controlfield><datafield ind1=" " ind2=" " tag="010"><subfield code="a">  2012252794</subfield></datafield><datafield ind1=" " ind2=" " tag="040"><subfield code="a">WAU</subfield><subfield code="b">eng</subfield><subfield code="c">WAU</subfield><subfield code="d">WAU</subfield><subfield code="d">OCLCF</subfield><subfield code="d">OCLCQ</subfield></datafield><datafield ind1=" " ind2=" " tag="042"><subfield code="a">pcc</subfield></datafield><datafield ind1=" " ind2=" " tag="043"><subfield code="a">n-us-wa</subfield></datafield><datafield ind1="0" ind2=" " tag="130"><subfield code="a">Advocate (Bellevue Community College : 1977)</subfield></datafield><datafield ind1="1" ind2="0" tag="245"><subfield code="a">Advocate.</subfield></datafield><datafield ind1="1" ind2=" " tag="246"><subfield code="a">Bellevue Community College advocate</subfield></datafield><datafield ind1="1" ind2=" " tag="246"><subfield code="a">Advocate of Bellevue Community College</subfield></datafield><datafield ind1="1" ind2=" " tag="246"><subfield code="a">Advocate Bellevue Community College</subfield></datafield><datafield ind1=" " ind2=" " tag="260"><subfield code="a">Bellevue, Wash. :</subfield><subfield code="b">Bellevue Community College</subfield></datafield><datafield ind1=" " ind2=" " tag="300"><subfield code="a">volumes :</subfield><subfield code="b">illustrations</subfield></datafield><datafield ind1=" " ind2=" " tag="310"><subfield code="a">Weekly</subfield></datafield><datafield ind1=" " ind2=" " tag="336"><subfield code="a">text</subfield><subfield code="b">txt</subfield><subfield code="2">rdacontent</subfield></datafield><datafield ind1=" " ind2=" " tag="337"><subfield code="a">microform</subfield><subfield code="b">h</subfield><subfield code="2">rdamedia</subfield></datafield><datafield ind1=" " ind2=" " tag="338"><subfield code="a">microfilm reel</subfield><subfield code="b">hd</subfield><subfield code="2">rdacarrier</subfield></datafield><datafield ind1="1" ind2=" " tag="362"><subfield code="a">Began in 1977; ceased with: Vol. 39, issue 1 (Oct. 4, 1999).</subfield></datafield><datafield ind1=" " ind2=" " tag="588"><subfield code="a">Description based on: June 2, 1977; title from masthead.</subfield></datafield><datafield ind1=" " ind2=" " tag="588"><subfield code="a">Latest issue consulted: Vol. 39, issue (Oct. 4, 1999).</subfield></datafield><datafield ind1=" " ind2=" " tag="533"><subfield code="a">Microfilm.</subfield><subfield code="m">1977-vol. 39, issue 1 (Oct. 4, 1999).</subfield><subfield code="b">Seattle, Wash. :</subfield><subfield code="c">Filmed for the University of Washington Libraries,</subfield><subfield code="d">2001.</subfield><subfield code="e">4 microfilm reels ; 35 mm.</subfield><subfield code="n">Filmed with: Jibsheet; Forum; Bellevue pax-advocate; Bellevue advocate; Advocate; and: Weekly advocate.</subfield></datafield><datafield ind1="2" ind2="0" tag="610"><subfield code="a">Bellevue Community College</subfield><subfield code="v">Newspapers.</subfield></datafield><datafield ind1=" " ind2="0" tag="651"><subfield code="a">Bellevue (Wash.)</subfield><subfield code="v">Newspapers.</subfield></datafield><datafield ind1="2" ind2="7" tag="610"><subfield code="a">Bellevue Community College.</subfield><subfield code="2">fast</subfield><subfield code="0">(OCoLC)fst01911875</subfield></datafield><datafield ind1=" " ind2="7" tag="651"><subfield code="a">Washington (State)</subfield><subfield code="z">Bellevue.</subfield><subfield code="2">fast</subfield><subfield code="0">(OCoLC)fst01207018</subfield></datafield><datafield ind1=" " ind2="7" tag="655"><subfield code="a">Newspapers.</subfield><subfield code="2">fast</subfield><subfield code="0">(OCoLC)fst01423814</subfield></datafield><datafield ind1="2" ind2=" " tag="710"><subfield code="a">Bellevue Community College.</subfield></datafield><datafield ind1=" " ind2=" " tag="752"><subfield code="a">United States</subfield><subfield code="b">Washington</subfield><subfield code="c">King</subfield><subfield code="d">Bellevue.</subfield></datafield><datafield ind1="0" ind2="0" tag="780"><subfield code="t">Weekly advocate (Bellevue Community College)</subfield><subfield code="w">(DLC)  2012252795</subfield><subfield code="w">(OCoLC)818355541</subfield></datafield><datafield ind1="0" ind2="0" tag="785"><subfield code="t">Jibsheet</subfield><subfield code="w">(DLC)  2012252920</subfield><subfield code="w">(OCoLC)818355557</subfield></datafield><datafield ind1=" " ind2=" " tag="850"><subfield code="a">WaU</subfield><subfield code="a">WaU (master)</subfield></datafield></record>